
@article{balancing-algorithm,
author = {Diego Chacon and Shireesh Apte},
title = {A python code algorithm for balancing chemical equations as a system of simultaneous linear equations using matrix algebra.},
journaltitle = {Journal of High School Science},
year = {2023},
}

@online{nullspace,
author = {Asqua Amir},
title = {What is a Nullspace?},
year = {2024},
url = {https://www.educative.io/answers/what-is-a-null-space},
}
